<record xmlns:xsi="http://www.w3.org/2001/XMLSchema-instance" xmlns="http://www.loc.gov/MARC21/slim" xsi:schemaLocation="http://www.loc.gov/MARC21/slim http://www.loc.gov/standards/marcxml/schema/MARC21slim.xsd">

  <leader>00711nam a2200193Ia 4500</leader>
  <datafield ind1=" " ind2=" " tag="090">
    <subfield code="a">CD #75</subfield>
  </datafield>
  <datafield tag="100" ind1=" " ind2=" ">
    <subfield code="a">Barrantes Nuñez, Carmen Elena</subfield>
  </datafield>
  <datafield ind2=" " ind1=" " tag="245">
    <subfield code="a">Implementación de una didáctica constructivista en los procesos iniciales de lectura y escritura de los niños y niñas de I, II y III gradode la Escuela Ramón Barrantes / </subfield>
    <subfield code="c">Carmen Elena Barrantes Nuñez, Cristina Herrera Villareal, Cinthya Bermudez Chavarr</subfield>
  </datafield>
  <datafield tag="260" ind1=" " ind2=" ">
    <subfield code="a">San José, Costa Rica : </subfield>
    <subfield code="b">INIE, </subfield>
    <subfield code="c">2000</subfield>
  </datafield>
  <datafield ind2=" " ind1=" " tag="300">
    <subfield code="a">14 páginas</subfield>
  </datafield>
  <datafield tag="500" ind2=" " ind1=" ">
    <subfield code="a">Documento en formato word</subfield>
  </datafield>
  <datafield ind2=" " ind1=" " tag="650">
    <subfield code="a">DIDACTICA </subfield>
  </datafield>
  <datafield ind1=" " ind2=" " tag="650">
    <subfield code="a"> LECTURA </subfield>
  </datafield>
  <datafield ind1=" " ind2=" " tag="650">
    <subfield code="a"> ESCRITURA </subfield>
  </datafield>
  <datafield ind2=" " ind1=" " tag="650">
    <subfield code="a"> NIÑOS </subfield>
  </datafield>
  <datafield ind2=" " ind1=" " tag="650">
    <subfield code="a">NIÑAS</subfield>
  </datafield>
  <datafield ind1=" " ind2=" " tag="650">
    <subfield code="a">EDUCACION ESCOLAR</subfield>
  </datafield>
  <datafield tag="942" ind1=" " ind2=" ">
    <subfield code="p">001958</subfield>
  </datafield>
  <datafield ind1=" " ind2=" " tag="999">
    <subfield code="c">2520</subfield>
    <subfield code="d">2520</subfield>
  </datafield>
</record>